<record><leader>00000cas a22000007a 4500</leader><controlfield tag="001">10843229</controlfield><controlfield tag="008">840614d186918uuiaucr ne      0    0eng d</controlfield><datafield ind1=" " ind2=" " tag="010"><subfield code="a">sn 84027051 </subfield></datafield><datafield ind1=" " ind2=" " tag="040"><subfield code="a">NPU</subfield><subfield code="b">eng</subfield><subfield code="c">NPU</subfield><subfield code="d">NPX</subfield><subfield code="d">INP</subfield><subfield code="d">OCLCQ</subfield></datafield><datafield ind1=" " ind2=" " tag="042"><subfield code="a">msc</subfield></datafield><datafield ind1="0" ind2=" " tag="130"><subfield code="a">Belle Plaine union (Belle Plaine, Iowa : 1869)</subfield></datafield><datafield ind1="1" ind2="4" tag="245"><subfield code="a">The Belle Plaine union.</subfield></datafield><datafield ind1="3" ind2="0" tag="246"><subfield code="a">Union</subfield></datafield><datafield ind1=" " ind2=" " tag="260"><subfield code="a">Belle Plaine, Iowa :</subfield><subfield code="b">D.H. Frost</subfield></datafield><datafield ind1=" " ind2=" " tag="300"><subfield code="a">v. :</subfield><subfield code="b">ill. (chiefly advertisements) ;</subfield><subfield code="c">55-66 cm.</subfield></datafield><datafield ind1=" " ind2=" " tag="310"><subfield code="a">Semiweekly</subfield></datafield><datafield ind1=" " ind2=" " tag="321"><subfield code="a">Weekly,</subfield><subfield code="b">1869-1896</subfield></datafield><datafield ind1="1" ind2=" " tag="362"><subfield code="a">Began in Mar. 1869.</subfield><subfield code="z">Cf. Bibl. of Iowa newspapers.</subfield></datafield><datafield ind1=" " ind2=" " tag="500"><subfield code="a">"I consider nothing human alien to me."</subfield></datafield><datafield ind1=" " ind2=" " tag="500"><subfield code="a">Editor: D.H. Frost, &lt;Aug. 14, 1879-Sept. 7, 1882&gt;.</subfield></datafield><datafield ind1=" " ind2=" " tag="588"><subfield code="a">Description based on: Vol. 7, no. 3 (Jan. 16, 1873).</subfield></datafield><datafield ind1=" " ind2=" " tag="752"><subfield code="a">United States</subfield><subfield code="b">Iowa</subfield><subfield code="c">Benton</subfield><subfield code="d">Belle Plaine.</subfield></datafield><datafield ind1="0" ind2="0" tag="780"><subfield code="t">Belle Plaine transcript</subfield><subfield code="w">(DLC)sn 85049576</subfield></datafield><datafield ind1="0" ind2="0" tag="785"><subfield code="t">Every other daily union</subfield><subfield code="w">(DLC)sn 85050871</subfield></datafield><datafield ind1="1" ind2=" " tag="029"><subfield code="a">AU@</subfield><subfield code="b">000025787110</subfield></datafield></record>